@misc{template,
    author = "Bertik23",
    title = "Seminárka - Template",
    year = "2021",
    howpublished = "\url{ahoj.com}",
    note = "[Online; accessed 31-December-2021]"
  }

  @misc{ enwiki:1265972380,
    author = "{Wikipedia contributors}",
    title = "Edsger W. Dijkstra --- {Wikipedia}{,} The Free Encyclopedia",
    year = "2024",
    howpublished = "\url{https://en.wikipedia.org/w/index.php?title=Edsger_W._Dijkstra&oldid=1265972380}",
    note = "[Online; accessed 2-January-2025]"
  }

  @misc{ enwiki:1222245378,
    author = "{Wikipedia contributors}",
    title = "Operator associativity --- {Wikipedia}{,} The Free Encyclopedia",
    howpublished = "Dostupné z \url{https://en.wikipedia.org/w/index.php?title=Operator_associativity&oldid=1222245378}",
    note = "[cit. 2025-01-02].",
    langid = {english},
  }

 @misc{ wiki:postfix,
   author = "Wikipedie",
   title = "Postfixová notace --- Wikipedie: Otevřená encyklopedie",
   year = "2024",
   url = "\url{https://cs.wikipedia.org/w/index.php?title=Postfixov%C3%A1_notace&oldid=24330031}",
	note = {[cit. 2025-01-02]},
 }


@misc{brilliantShuntingYard,
	author = {Brilliant.org},
	title = {{S}hunting {Y}ard {A}lgorithm},
	howpublished = {\url{https://brilliant.org/wiki/shunting-yard-algorithm/}},
	year = {},
	note = {[cit. 2025-01-02]},
}

@misc{geeksforgeeks_shutingYard,
	author = {{G}eeksfor{G}eeks.org},
	title = {{J}ava {P}rogram to {I}mplement {S}hunting {Y}ard {A}lgorithm},
	howpublished = {\url{https://www.geeksforgeeks.org/java-program-to-implement-shunting-yard-algorithm/}},
	year = {2024},
	note = {[cit. 2025-01-02]},
}

 @misc{ wiki:djikstra_foto,
   author = "Hamilton Richards",
   title = "File:Edsger Wybe Dijkstra.jpg --- Wikimedia Commons{,} the free media repository",
   year = "2008",
   url = "https://commons.wikimedia.org/w/index.php?title=File:Edsger_Wybe_Dijkstra.jpg&oldid=904110305",
   note = "[cit. 2025-01-02]"
 }

@misc{ cvut:vyhodnoceni_vyrazu,
   author = "Pavel Töpfer",
   title = "Programování - 13",
   year = "2024",
   url = "https://ksvi.mff.cuni.cz/~topfer/ppt/A13%20K-ty%20a%20aritmeticky%20vyraz.pdf",
   note = "[cit. 2025-01-02]",
   pages = {10--12}
 }

 @misc{ wiki:infixova_notace,
   author = "Wikipedie",
   title = "Infixová notace --- Wikipedie: Otevřená encyklopedie",
   year = "2021",
   url = "\url{https://cs.wikipedia.org/w/index.php?title=Infixov%C3%A1_notace&oldid=20374224}",
	note = {[cit. 2025-01-02]},
 }

 @misc{ wiki:shunting_yard,
   author = "Wikipedie",
   title = "Algoritmus shunting-yard --- Wikipedie: Otevřená encyklopedie",
   year = "2022",
   url = "\url{https://cs.wikipedia.org/w/index.php?title=Algoritmus_shunting-yard&oldid=21212211}",
	note = {[cit. 2025-01-02]},
 }
